@article{pic1,
 author    = "D. {Tskhakaya} and K. {Matyash} and R. {Schneider} and F. {Taccogna}",
 year	   = "2007",
 title     = "The Particle-In-Cell Method",
 journal = "Contrib. Plasma Phys.",
 volume  = "47",
 number  = "8-9",
 pages   = "563--594",
 }

@article{langmuir,
 author    = "I. {Langmuir} and K. H. {Kingdon}",
 year	   = "1925",
 title     = "Thermionic Effects Caused by Vapours of Alkali Metals",
 journal = "Proc. R. Soc.",
 volume  = "107",
 pages   = "61--79",
 }

@article{birdsall,
 author    = "C. K. {Birdsall} and A. B. {Langdon}",
 year	   = "2004",
 title     = "Plasma Physics via Computer Simulations",
 }


@article{langmuir-derive,
 author    = "R. {Breitwieser} and W. {Rush}",
 year	   = "1965",
 title     = "Saha-Langmuir Surface Ionization Relation",
 journal = "NASA Technical Memorandum",
 }

@article{basti,
 author    = "S. {Scheuer}",
 year	   = "2015",
 title     = "Plasmadiagnostische Untersuchungen zur Charakterisierung von Moden in elektronegativen RF-Plasmen",
 journal = "Master thesis",
 }



@article{elneg_surf,
 author    = "E. {Stoffels} and W. W. {Stoffels} and G. M. W. {Kroesen}",
 year	   = "2001",
 title     = "Plasma chemistry and surface processes of negative ions",
 journal = "Plasma Sources Sci. Technol.",
 volume  = "10",
 pages   = "311--317",
 }

@article{surf_ioniz,
 author    = "H. {Kawano} and F. M. {Page}",
 year	   = "1983",
 title     = "Experimental methods and techniques for negative-ion production ionization",
 journal = "International Journal of Mass Spectrometry and Ion Physics",
 volume  = "50",
 pages   = "1--33",
 }



@article{sheath_analysis,
 author    = "E. {Kawamura} and V. {Vahedi} and M. A. {Lieberman} and C. K. {Birdsall}",
 year	   = "1999",
 title     = "Ion energy distribution in rf sheaths; review, analysis and simulation",
 journal = "Plasma Sources Sci. Technol.",
 volume  = "8",
 pages   = "R45--R64",
 }


@article{ccrf,
 author    = "J. {Meichnser} and M. {Schmidt} and R. {Schneider} and H.-E. {Wagner}",
 year	   = "2013",
 title     = "Nonthermal Plasma Chemistry and Physics",
  }


@article{pic_low_temp,
 author    = "K. {Matyash} and R. {Schneider} and  F. {Taccogna} and A. {Hatayama} and S. {Longo} and M. {Capitelli} and D. {Tskhakaya} and F.X. {Bronold}",
 year	   = "2007",
 title     = "Particle in Cell Simulation of Low Temperature Laboratory Plasmas",
 journal = "Contrib. Plasma Phys.",
 volume  = "47",
 number  = "8-9",
 pages   = "595--634",
 }

@article{julia,
    author ="J. {Duras}",
    year = "2011",
    title = "Instabilities in ion thrusters by plasma-wall interactions",
    journal = "Diplom Thesis"
}

@article{micro_discharge,
    author ="T. I. {Farouk}",
    year = "2009",
    title = "Modeling and Simulations of DC and RF Atmospheric Pressure Non-thermal Micro Plasma Discharges: Analysis and Applications",
    journal = "Doctor Thesis"
}

@article{rf_oxygen_modelling,
 author    = "F.X. {Bronold} and K. {Matyash} and D. {Tskhakaya} and R. {Schneider} and H. {Fehske}",
 year	   = "2007",
 title     = "Radio-frequency discharges in oxygen: I. Particle-based modelling",
 journal = "J. Phys. D: Appl. Phys.",
 volume  = "40",
 pages   = "6583--6592",
 }

@article{scaling,
 author = "Helga {Timko}",
 year   = "2010",
 title  = "Scaling in 2D PIC",
 journal = "Helsinki Institute of Physics",
}


@article{stability,
    author = "B. {Bruhn} and A. {Richter} and B. {May}",
    year    = "2008",
    title   = "On the stability of a dc-driven oxygen discharge in cylindrical geometry",
    journal = "Physics of Plasmas",
    volume = "15",
}

@article{instability,
    author = "J. {Meichsner} and K. {Dittmann} and C. {Kullig}",
    year    = "2012",
    title   = "Electron and Negative Ion Analysis in Oxygen Capacitively Coupled Radio Frequency Plasma",
    journal = "Contrib. Plasma Phys.",
    volume = "52",
    number = "7",
    pages = "49-58",
}

@article{etching,
    author = "U. {Cvelbar} and M. {Mozetic} and M. {Klansjek-Gunde}",
    year    = "2005",
    title   = "Selective oxygen plasma etchin of coatings",
    journal = "Plasma Science, IEEE",
    volume = "3",
    number = "2",
    pages = "236-237",
}

@article{profile,
    author = "C. {Kullig}. and J. {Meichsner} and K. {Dittmann} ",
    year    = "2012",
    title   = "Detachment-induced electron production in the early afterglow of pulsed cc-rf oxygen plasmas",
    journal = "Physics of Plasmas",
    volume = "19",
    pages = "73-100",
}

@article{sputter,
    author = "M. {Zeuner} and H. {Neumann} and J. {Zalman} and H. {Biedermann} ",
    year    = "1998",
    title   = "Sputter process diagnostics by negative ions",
    journal = "Journal of Applied Physics",
    volume = "83",
    number = "10",
    pages = "5083-5086",
}

@article{superlu,
    author = "S. Li {Xiayoe} and J.R. {Gilbert} and J.W. {Demmel} ",
    year    = "1999",
    title   = "SuperLU Users' Guide",
}

@article{boris,
    author = "J.P. {Boris}",
    year    = "1970",
    title   = "Relativistic plasma simulation-optimization of a hybrid code",
    journal = "Proceedings of the 4th Conference on Numerical Simulation of Plasmas",
    pages = "3-67",
}

@article{ompi,
    author = "V.V. {Dimakopoulos} and E. {Leontiadis} and G. {Tzoumas}",
    year    = "2003",
    title   = "A portable C compiler for OmpenMP V.2.0",
    journal = "Proc. EWOMP 2003, 5th European Workshop on OpemMP",
    pages = "5-11",
}

@article{surface-inject,
    author = "S. {Ustaze} and R. {Verucchi} and S. {Lacombe} and L. {Guillemot} and V.A. {Esaulov}",
    year    = "1997",
    title   = "Electron Capture and Loss processes in the Interaction of Hydrogen, Oxygen and Fluorine Atoms and Negative Ions with a MgO(100) Surface",
    journal = "Physical Review Letters",
    volume = "79",
    number = "18",
    pages = "3526-3529",
}

@article{sheath-heating,
    author = "G. {Gozadinos} and D. {Vender} and M.M. {Turner} and M.A. {Liberman}",
    year    = "2001",
    title   = "Collisionless electron heating by capacitive radio-frequency plasma sheaths",
    journal = "Plasma Sources Sci. Technol.",
    volume = "10",
    number = "2",
}

@article{ion-beam,
    author = "J. {Los} and J.J.C. {Geerlings}",
    year    = "1990",
    title   = "Charge exchange in atom-surface collisions",
    journal = "Physic Reports",
    volume = "190",
    number = "3",
    pages = "133-190",
}




